<record><leader>00000cas a22000007a 4500</leader><controlfield tag="001">20488024</controlfield><controlfield tag="008">891013d19101973mouwr ne      0    0eng d</controlfield><datafield ind1=" " ind2=" " tag="010"><subfield code="a">sn 89067072 </subfield></datafield><datafield ind1=" " ind2=" " tag="040"><subfield code="a">MQN</subfield><subfield code="b">eng</subfield><subfield code="c">MQN</subfield><subfield code="d">OCLCQ</subfield></datafield><datafield ind1=" " ind2=" " tag="042"><subfield code="a">msc</subfield></datafield><datafield ind1="0" ind2="4" tag="245"><subfield code="a">The Dexter statesman.</subfield></datafield><datafield ind1=" " ind2=" " tag="260"><subfield code="a">Dexter, Stoddard County, Mo. :</subfield><subfield code="b">Ed P. Crowe,</subfield><subfield code="c">1910-1973.</subfield></datafield><datafield ind1=" " ind2=" " tag="300"><subfield code="a">v.</subfield></datafield><datafield ind1=" " ind2=" " tag="310"><subfield code="a">Weekly</subfield></datafield><datafield ind1="0" ind2=" " tag="362"><subfield code="a">Vol. 1, no. 1 (Mar. 30, 1910)-v. 64, no. 15 (Apr. 27, 1973).</subfield></datafield><datafield ind1=" " ind2=" " tag="580"><subfield code="a">Published on Thursdays as a semiweekly paper, with The Dexter messenger being published on Mondays, Dec. 3, 1959-Apr. 27, 1973.</subfield></datafield><datafield ind1=" " ind2=" " tag="752"><subfield code="a">United States</subfield><subfield code="b">Missouri</subfield><subfield code="c">Stoddard</subfield><subfield code="d">Dexter.</subfield></datafield><datafield ind1="0" ind2="7" tag="785"><subfield code="t">Dexter messenger</subfield><subfield code="w">(DLC)sn 89067071</subfield></datafield><datafield ind1="0" ind2="7" tag="785"><subfield code="t">Daily statesman-messenger</subfield><subfield code="w">(DLC)sn 89067073</subfield></datafield></record>